<record><leader>00000cas a22000007a 4500</leader><controlfield tag="001">12298848</controlfield><controlfield tag="008">850724d18711888mouwr ne      0    0eng d</controlfield><datafield ind1=" " ind2=" " tag="010"><subfield code="a">sn 85033872 </subfield></datafield><datafield ind1=" " ind2=" " tag="040"><subfield code="a">NPU</subfield><subfield code="b">eng</subfield><subfield code="c">NPU</subfield><subfield code="d">NPX</subfield><subfield code="d">MQN</subfield><subfield code="d">OCLCQ</subfield></datafield><datafield ind1=" " ind2=" " tag="042"><subfield code="a">msc</subfield></datafield><datafield ind1="0" ind2=" " tag="130"><subfield code="a">Clark County gazette (Kahoka, Mo. : 1871)</subfield></datafield><datafield ind1="1" ind2="0" tag="245"><subfield code="a">Clark County gazette.</subfield></datafield><datafield ind1=" " ind2=" " tag="260"><subfield code="a">Cahoka [Kahoka], Mo. :</subfield><subfield code="b">E.B. Christy</subfield></datafield><datafield ind1=" " ind2=" " tag="300"><subfield code="a">v.</subfield></datafield><datafield ind1=" " ind2=" " tag="310"><subfield code="a">Weekly</subfield></datafield><datafield ind1="1" ind2=" " tag="362"><subfield code="a">Began in 1871? Ceased in 1888?</subfield></datafield><datafield ind1=" " ind2=" " tag="588"><subfield code="a">Description based on: Vol. 2, no. 47 (Jan. 30, 1873).</subfield></datafield><datafield ind1=" " ind2="4" tag="651"><subfield code="a">Clark County (Mo.)</subfield><subfield code="v">Newspapers.</subfield></datafield><datafield ind1=" " ind2=" " tag="752"><subfield code="a">United States</subfield><subfield code="b">Missouri</subfield><subfield code="c">Clark</subfield><subfield code="d">Kahoka.</subfield></datafield><datafield ind1="0" ind2="7" tag="785"><subfield code="t">Kahoka weekly herald</subfield><subfield code="w">(DLC)sn 90061062</subfield></datafield><datafield ind1="0" ind2="7" tag="785"><subfield code="t">Kahoka gazette-herald</subfield><subfield code="w">(DLC)sn 90061063</subfield></datafield><datafield ind1="1" ind2=" " tag="029"><subfield code="a">AU@</subfield><subfield code="b">000020383583</subfield></datafield></record>